@FOOTNOTE{Note,key="Note",note="Contribution of NIST, an agency of the United States government; not subject to copyright in the United States."}
